@misc{
    abcd,
    title = "something",
    author = "someone",
    years = "2011"
}
@misc{
    github,
    title = "something",
    author = "someone",
    years = "2011"
}
@misc{
    signal_processor,
    title = "something",
    author = "someone",
    years = "2011"
}
@misc{
    hall_sensor,
    title = "something",
    author = "someone",
    years = "2011"
}
@misc{
    manual,
    title = "something",
    author = "someone",
    years = "2011"
}